@article{zhou2014nonnegative,
  title={Nonnegative matrix and tensor factorizations: An algorithmic perspective},
  author={Zhou, Guoxu and Cichocki, Andrzej and Zhao, Qibin and Xie, Shengli},
  journal={IEEE Signal Processing Magazine},
  volume={31},
  number={3},
  pages={54--65},
  year={2014},
  publisher={IEEE}
}

@article{cichocki2015tensor,
  title={Tensor decompositions for signal processing applications: From two-way to multiway component analysis},
  author={Cichocki, Andrzej and Mandic, Danilo and De Lathauwer, Lieven and Zhou, Guoxu and Zhao, Qibin and Caiafa, Cesar and Phan, Huy Anh},
  journal={IEEE signal processing magazine},
  volume={32},
  number={2},
  pages={145--163},
  year={2015},
  publisher={IEEE}
}

@article{kolda2009tensor,
  title={Tensor decompositions and applications},
  author={Kolda, Tamara G and Bader, Brett W},
  journal={SIAM review},
  volume={51},
  number={3},
  pages={455--500},
  year={2009},
  publisher={SIAM}
}

@article{yokota2015smooth,
  title={Smooth nonnegative matrix and tensor factorizations for robust multi-way data analysis},
  author={Yokota, Tatsuya and Zdunek, Rafal and Cichocki, Andrzej and Yamashita, Yukihiko},
  journal={Signal Processing},
  volume={113},
  pages={234--249},
  year={2015},
  publisher={Elsevier}
}

@article{sidiropoulos2017tensor,
  title={Tensor decomposition for signal processing and machine learning},
  author={Sidiropoulos, Nicholas D and De Lathauwer, Lieven and Fu, Xiao and Huang, Kejun and Papalexakis, Evangelos E and Faloutsos, Christos},
  journal={IEEE Transactions on Signal Processing},
  volume={65},
  number={13},
  pages={3551--3582},
  year={2017},
  publisher={IEEE}
}

@article{alexandrov2019nonnegative,
  title={Nonnegative Canonical Polyadic Decomposition with Rank Deficient Factors},
  author={Alexandrov, Boian and DeSantis, Derek and Manzini, Gianmarco and Skau, Erik},
  journal={arXiv preprint arXiv:1909.07570},
  year={2019}
}

@article{slawski2013non,
  title={Non-negative least squares for high-dimensional linear models: Consistency and sparse recovery without regularization},
  author={Slawski, Martin and Hein, Matthias and others},
  journal={Electronic Journal of Statistics},
  volume={7},
  pages={3004--3056},
  year={2013},
  publisher={The Institute of Mathematical Statistics and the Bernoulli Society}
}

@inproceedings{ballard2018parallel,
  title={Parallel nonnegative CP decomposition of dense tensors},
  author={Ballard, Grey and Hayashi, Koby and Ramakrishnan, Kannan},
  booktitle={2018 IEEE 25th International Conference on High Performance Computing (HiPC)},
  pages={22--31},
  year={2018},
  organization={IEEE}
}

@article{friedlander2008computing,
  title={Computing non-negative tensor factorizations},
  author={Friedlander, Michael P and Hatz, Kathrin},
  journal={Optimisation Methods and Software},
  volume={23},
  number={4},
  pages={631--647},
  year={2008},
  publisher={Taylor \& Francis}
}

@inproceedings{almirantearena2017decomposition,
  title={Decomposition of tensors of cardio-vascular signals using CANDECOMP/PARAFAC algorithms},
  author={Almirantearena, Fernando Nu{\~n}o},
  booktitle={2017 10th International Congress on Image and Signal Processing, BioMedical Engineering and Informatics (CISP-BMEI)},
  pages={1--6},
  year={2017},
  organization={IEEE}
}

@article{hitchcock1927expression,
  title={The expression of a tensor or a polyadic as a sum of products},
  author={Hitchcock, Frank L},
  journal={Journal of Mathematics and Physics},
  volume={6},
  number={1-4},
  pages={164--189},
  year={1927},
  publisher={Wiley Online Library}
}
